@inproceedings{Lang95
,author = "Ken Lang"
,title = "Newsweeder: Learning to filter netnews"
,year = 1995
,booktitle = "Proceedings of the Twelfth International Conference on Machine Learning"
,pages = "331-339"
}


@inproceedings{Reut00
,author = "Reuters Corpus"
,title = "Volume 1, English language"
,year = 1996
}

@inproceedings{20news
,author = "Philip J. Hayes and Steven P. Weinstein"
,title = "CONSTRUE/TIS: A System for Content-Based Indexing of a Database of News Stories."
,year = 1990
,booktitle = "Second Annual Conference on Innovative Applications of Artificial Intelligence"
}

@inproceedings{jing2002improved,
  title={Improved feature selection approach TFIDF in text mining},
  author={Jing, Li-Ping and Huang, Hou-Kuan and Shi, Hong-Bo},
  booktitle={Machine Learning and Cybernetics, 2002. Proceedings. 2002 International Conference on},
  volume={2},
  pages={944--946},
  year={2002},
  organization={IEEE}
}


@article{sproat2001normalization,
  title={Normalization of non-standard words},
  author={Sproat, Richard and Black, Alan W and Chen, Stanley and Kumar, Shankar and Ostendorf, Mari and Richards, Christopher},
  journal={Computer Speech \& Language},
  volume={15},
  number={3},
  pages={287--333},
  year={2001},
  publisher={Elsevier}
}